<?xml version="1.0" encoding="UTF-8"?><collection xmlns="http://www.loc.gov/MARC21/slim"><record><leader>00383nam--2200157-i-4500</leader><controlfield tag="001">000034631</controlfield><controlfield tag="002">20161230</controlfield><controlfield tag="005">20161230201040</controlfield><controlfield tag="008">060222s1000------------r-----000-0-eng-d</controlfield><datafield ind1=" " ind2=" " tag="080"><subfield code="a">517(075.3)</subfield></datafield><datafield ind1=" " ind2=" " tag="100"><subfield code="a">Nicolescu, Miron</subfield></datafield><datafield ind1=" " ind2=" " tag="245"><subfield code="a">ANALIZA MATEMATICA. Vol. II</subfield></datafield><datafield ind1=" " ind2=" " tag="260"><subfield code="a">Bucuresti, Ed.Tehnica, 1957</subfield></datafield><datafield ind1=" " ind2=" " tag="300"><subfield code="a">535 p</subfield></datafield><datafield ind1=" " ind2=" " tag="852"><subfield code="a">4591</subfield><subfield code="c">517</subfield></datafield><datafield ind1=" " ind2=" " tag="CAT"><subfield code="a">Sys</subfield><subfield code="c">20080617</subfield><subfield code="h">103758</subfield></datafield></record></collection>